%%%%%%%%%%%%%%%%%%%%%%%%%%%%%%%%%%%%%%%%%%%%%%%%%%%%%%%%%%%%%%%%%%%%%%%%%%%%%%%%%%%%%%%%%%%%%%%%%%%%%%%%%%%%%%%%%%%%%%%%%%%%%%%%%%%%%%%%%%%%%
% For now post our references here as you use them.
% This way we can keep the sources at the bottom for reference on how to build our own citations. 

@misc{dataset, title={Food Images (Food-101)}, url={https://www.kaggle.com/kmader/food41}, journal={Kaggle}, author={Mader, Scott}, year={2018}, month={May}}

@inproceedings{mainRef,
  title={Food-101--mining discriminative components with random forests},
  author={Bossard, Lukas and Guillaumin, Matthieu and Van Gool, Luc},
  booktitle={European conference on computer vision},
  pages={446--461},
  year={2014},
  organization={Springer}
}

@misc{datagen, title={How to Load Large Datasets From Directories for Deep Learning in Keras}, url={https://machinelearningmastery.com/how-to-load-large-datasets-from-directories-for-deep-learning-with-keras/}, journal={Machine Learning Mastery}, author={Brownlee, Jason}, year={2019}, month={Jul}}

@mastersthesis{CNN,
  title={Predicting image social tags using a convolutional neural network},
  author={Asikanius, Panu},
  year={2018}
}

@INPROCEEDINGS{features, author={ {Taichi Joutou} and {Keiji Yanai}}, booktitle={2009 16th IEEE International Conference on Image Processing (ICIP)}, title={A food image recognition system with Multiple Kernel Learning}, year={2009}, volume={}, number={}, pages={285-288},}

@inproceedings{Tlearning,
  title={Heterogeneous transfer learning for image classification},
  author={Zhu, Yin and Chen, Yuqiang and Lu, Zhongqi and Pan, Sinno Jialin and Xue, Gui-Rong and Yu, Yong and Yang, Qiang},
  booktitle={Twenty-Fifth AAAI Conference on Artificial Intelligence},
  year={2011}
}


@article{kfold,
  title={Fruit classification using computer vision and feedforward neural network},
  author={Zhang, Yudong and Wang, Shuihua and Ji, Genlin and Phillips, Preetha},
  journal={Journal of Food Engineering},
  volume={143},
  pages={167--177},
  year={2014},
  publisher={Elsevier}
}

@misc{NASNetDef, title={DAGNetwork}, url={https://www.mathworks.com/help/deeplearning/ref/nasnetmobile.html}, journal={Pretrained NASNet-Mobile convolutional neural network - MATLAB}}


@article{k-fold,
  title={Magnetic resonance brain image classification by an improved artificial bee colony algorithm},
  author={Zhang, Yu-Dong and Wu, Lenan and Wang, Shuihua},
  journal={Progress In Electromagnetics Research},
  volume={116},
  pages={65--79},
  year={2011},
  publisher={EMW Publishing}
}

@misc{zoph2017learning,
    title={Learning Transferable Architectures for Scalable Image Recognition},
    author={Barret Zoph and Vijay Vasudevan and Jonathon Shlens and Quoc V. Le},
    year={2017},
    eprint={1707.07012},
    archivePrefix={arXiv},
    primaryClass={cs.CV}
}
@INPROCEEDINGS{ImageNet, author={J. {Deng} and W. {Dong} and R. {Socher} and L. {Li} and {Kai Li} and {Li Fei-Fei}}, booktitle={2009 IEEE Conference on Computer Vision and Pattern Recognition}, title={ImageNet: A large-scale hierarchical image database}, year={2009}, volume={}, number={}, pages={248-255},}

%%%%%%%%%%%%%%%%%%%%%%%%%%%%%%%%%%%%%%%%%%%%%%%%%%%%%%%%%%%%%%%%%%%%%%%%%%%%%%%%%%%%%%%%%%%%%%%%%%%%%%%%%%%%%%%%%%%%%%%%%%%%%%%%%%%%%%%%%%%%%%%


@article{b1,
  author = "L\^e D{\~u}ng Trang and Zoghman Mebkhout",
   title = "Vari\'et\'es caract\'er\-istiques et vari\'et\'es polaires",
 journal = "C. R. Acad. Sc. Paris",
  volume = 296,
    year = 1983,
   pages = "129--132"
}

@article{b2,
  author = "Jo{\"e}l Biran{\c c}on and Philippe Maisonobe and Michel Merle",
   title = "Localisation de syst\`emes diff\'erentiels, stratifications
            de {W}hitney et condition de {T}hom",
 journal = "Invent. Math.",
  volume = 117,
    year = 1994,
   pages = "531--550"
}

@article{b3,
  author = "Adam Parusi\'nski and Piotr Pragacz",
   title = "A formula for the {E}uler characteristic of singular hypersurfaces",
 journal = "J. Alg. Geom.",
  volume = 4,
    year = 1995,
   pages = "337-351"
}

@unpublished{b4,
    author = "K. Elissa",
    title = "Title of paper if known"
}

@article{b5,
    author = "R. Nicole",
    title = "Title of paper with only first word capitalized",
    journal = "J. Name Stand. Abbrev."
}

@article{b6,
  author = "L\^e D{\~u}ng Trang and Bernard Teissier",
   title = "Vari\'et\'es polaires locales et classes de {C}hern des
            vari\'et\'es singuli\`eres",
 journal = "Ann. of Math.",
  volume = 114,
    year = 1981,
   pages = "457--491"
}   

@article{b7,
  author = "Dirk Siersma and Mihai Ti{\u b}ar",
   title = "Singularities at infinity and their vanishing cycles",
 journal = "Duke Math. J.",
  volume = 80,
    year = 1995,
   pages = "771--783"
}

@article{Food_Waste,
  title={Assessing US food wastage and opportunities for reduction},
  author={Dou, Zhengxia and Ferguson, James D and Galligan, David T and Kelly, Alan M and Finn, Steven M and Giegengack, Robert},
  journal={Global Food Security},
  volume={8},
  pages={19--26},
  year={2016},
  publisher={Elsevier}
}